@book{textbook,
author = {Sopasakis, Pantelis},
address = {Belfast},
booktitle = {Control systems : an introduction},
isbn = {9781739138660},
keywords = {Control theory -- Mathematics ; Feedback control systems -- Mathematical models},
language = {eng},
publisher = {Applied Mathematix Press},
title = {Control systems :  an introduction / Pantelis Sopasakis.},
year = {2023},
}
@misc{python_notebook,
  author = {GÅ‚ogowski, Jakub and Irwin, Jonathan and Ross, Oliver and Thompson, David},
  month = {03},
  title = {Project Git Repository},
  url = {https://github.com/ollie3951/ELE2038-Control-H5},
  urldate = {2025-03-27},
  year = {2025},
  organization = {GitHub}
}